@misc{1905.03014,
Author = {Andrew Swan and Taichi Uemura},
Title = {On Church's Thesis in Cubical Assemblies},
Year = {2019},
Eprint = {arXiv:1905.03014},
},

@Book{hottbook,
  author =    {The {Univalent Foundations Program}},
  title =     {Homotopy Type Theory: Univalent Foundations of Mathematics},
  publisher = {\url{https://homotopytypetheory.org/book}},
  address =   {Institute for Advanced Study},
  year =      2013}